@article{key,
  title={A queueing network analysis of a health center},
  author={Albin, Susan L and Barrett, Jeffrey and Ito, David and Mueller, John E},
  journal={Queueing Systems},
  volume={7},
  pages={51--61},
  year={1990},
}

@article{garciaclimate,
	title={Climate Status Report for Ireland 2020},
	author={Garc{\'\i}a, C{\'a}maro and Dwyer, Ned and Gault, Jeremy},
	year={2020},
	page={144-146},
}

@article{hersbach2020era5,
	title={The ERA5 global reanalysis},
	author={Hersbach, Hans and Bell, Bill and Berrisford, Paul and Hirahara, Shoji and Hor{\'a}nyi, Andr{\'a}s and Mu{\~n}oz-Sabater, Joaqu{\'\i}n and Nicolas, Julien and Peubey, Carole and Radu, Raluca and Schepers, Dinand and others},
	journal={Quarterly Journal of the Royal Meteorological Society},
	volume={146},
	number={730},
	pages={1999--2049},
	year={2020},
	publisher={Wiley Online Library},
}
